<record xmlns="http://www.loc.gov/MARC21/slim">
   <leader>03267cam a22004093  4500</leader>
   <controlfield tag="001">6849478</controlfield>
   <controlfield tag="003">OCoLC</controlfield>
   <controlfield tag="005">20140917070910.6</controlfield>
   <controlfield tag="008">150326s2015    ctuab         001 0 eng d</controlfield>
   <datafield ind1=" " ind2=" " tag="020">
      <subfield code="a">9781285197210</subfield>
   </datafield>
   <datafield ind1=" " ind2=" " tag="020">
      <subfield code="a">1285197216</subfield>
   </datafield>
   <datafield ind1=" " ind2=" " tag="020">
      <subfield code="a">9781133940135</subfield>
   </datafield>
   <datafield ind1=" " ind2=" " tag="020">
      <subfield code="a">1133940137</subfield>
   </datafield>
   <datafield ind1=" " ind2=" " tag="035">
      <subfield code="a">ocn853494550</subfield>
   </datafield>
   <datafield ind1=" " ind2=" " tag="040">
      <subfield code="a">BTCTA</subfield>
      <subfield code="b">eng</subfield>
      <subfield code="c">BTCTA</subfield>
      <subfield code="d">YDXCP</subfield>
      <subfield code="d">COO</subfield>
      <subfield code="d">OCLCO</subfield>
      <subfield code="d">OCLCF</subfield>
   </datafield>
   <datafield ind1=" " ind2="4" tag="050">
      <subfield code="a">GE105</subfield>
      <subfield code="b">.L578 2015</subfield>
   </datafield>
   <datafield ind1=" " ind2=" " tag="090">
      <subfield code="a">GE 105 M547 2015</subfield>
      <subfield code="b">AVC</subfield>
   </datafield>
   <datafield ind1="1" ind2=" " tag="100">
      <subfield code="a">Miller, G. Tyler </subfield>
      <subfield code="q"> (George Tyler), </subfield>
      <subfield code="d"> 1931-, </subfield>
      <subfield code="e"> author.</subfield>
   </datafield>
   <datafield ind1="1" ind2="0" tag="245">
      <subfield code="a">Living in the Environment / </subfield>
      <subfield code="c"> G. Tyler Miller, Scott E. Spoolman.</subfield>
   </datafield>
   <datafield ind1=" " ind2=" " tag="250">
      <subfield code="a">Eighteenth edition.</subfield>
   </datafield>
   <datafield ind1="1" ind2=" " tag="264">
      <subfield code="a"> Stamford, CT : </subfield>
      <subfield code="b"> Cengage Learning ; </subfield>
      <subfield code="a"> [Washington, D.C.?] : </subfield>
      <subfield code="b"> National Geographic Learning, </subfield>
      <subfield code="c"> [2015]</subfield>
   </datafield>
   <datafield ind1=" " ind2=" " tag="300">
      <subfield code="a">1 volume (various pagings, loose-leaf) :</subfield>
      <subfield code="b">color illustrations, color maps ;</subfield>
      <subfield code="c">29 cm</subfield>
   </datafield>
   <datafield ind1=" " ind2=" " tag="336">
      <subfield code="a">text </subfield>
      <subfield code="2"> rdacontent</subfield>
   </datafield>
   <datafield ind1=" " ind2=" " tag="337">
      <subfield code="a">unmediated </subfield>
      <subfield code="2"> rdamedia</subfield>
   </datafield>
   <datafield ind1=" " ind2=" " tag="338">
      <subfield code="a">volume </subfield>
      <subfield code="2"> rdacarrier</subfield>
   </datafield>
   <datafield ind1=" " ind2=" " tag="500">
      <subfield code="a">Previous edition: 2012.</subfield>
   </datafield>
   <datafield ind1=" " ind2=" " tag="500">
      <subfield code="a">Includes index.</subfield>
   </datafield>
   <datafield ind1=" " ind2=" " tag="505">
      <subfield code="a">PART I: HUMANS AND SUSTAINABILITY: AN OVERVIEW. 1. Environmental Problems, Their Causes, and Sustainability. PART II: SCIENCE, ECOLOGICAL PRINCIPLES, AND SUSTAINABILITY. 2. Science, Matter, Energy, and Systems. 3. Ecosystems: What Are They and How Do They Work? 4. Biodiversity and Evolution. 5. Biodiversity, Species Interactions, and Population Control. 6. The Human Population and Its Impact. 7. Climate and Biodiversity. 8. Aquatic Biodiversity. PART III: SUSTAINING BIODIVERSITY. 9. Sustaining Biodiversity: The Species Approach. 10. Sustaining Terrestrial Biodiversity: The Ecosystem Approach. 11. Sustaining Aquatic Biodiversity. PART IV: SUSTAINING NATURAL RESOURCES. 12. Food, Soil, and Pest Management. 13. Water Resources. 14. Geology and Nonrenewable Minerals. 15. Nonrenewable Energy. 16. Energy Efficiency and Renewable Energy. PART V: SUSTAINING ENVIRONMENTAL QUALITY. 17. Environmental Hazards and Human Health. 18. Air Pollution. 19. Climate Disruption and Ozone Depletion. 20. Water Pollution. 21. Solid and Hazardous Waste. 22. Sustainable Cities. PART VI: SUSTAINING HUMAN SOCIETIES. 23. Economics, Environment, and Sustainability. 24. Politics, Environment, and Sustainability. 25. Environmental Worldviews, Ethics, and Sustainability. SUPPLEMENTS. 1. Measurement Units. 2. Reading Graphs and Maps. 3. Environmental History of the United States. 4. Some Basic Chemistry. 5. Weather Basics. 6. Maps and Map Analysis. 7. Environmental Data and Data Analysis.</subfield>
   </datafield>
   <datafield ind1=" " ind2=" " tag="520">
      <subfield code="a">Designed to equip students with the inspiration and knowledge they need to make a difference solving environmental issues, this book provides introductions to the multiple environmental problems that we face and balanced discussions to evaluate potential solutions.</subfield>
   </datafield>
   <datafield ind1=" " ind2=" " tag="596">
      <subfield code="a">53</subfield>
   </datafield>
   <datafield ind1=" " ind2="0" tag="650">
      <subfield code="a">Environmental sciences</subfield>
      <subfield code="v">Textbooks.</subfield>
   </datafield>
   <datafield ind1=" " ind2="0" tag="650">
      <subfield code="a">Human ecology</subfield>
      <subfield code="v">Textbooks.</subfield>
   </datafield>
   <datafield ind1=" " ind2="0" tag="650">
      <subfield code="a">Pollution</subfield>
      <subfield code="v">Textbooks.</subfield>
   </datafield>
   <datafield ind1=" " ind2="0" tag="650">
      <subfield code="a">Sustainable development</subfield>
      <subfield code="v">Textbooks.</subfield>
   </datafield>
   <datafield ind1="1" ind2=" " tag="700">
      <subfield code="a">Spoolman, Scott, </subfield>
      <subfield code="e"> author.</subfield>
   </datafield>
   <datafield ind1=" " ind2=" " tag="949">
      <subfield code="a">GE 105 M547 2015</subfield>
      <subfield code="w">LC</subfield>
      <subfield code="h">LKVR-B</subfield>
      <subfield code="i">38288001110102</subfield>
      <subfield code="l">IN_PROCESS</subfield>
   </datafield>
   <datafield ind1=" " ind2=" " tag="926">
      <subfield code="a">GE 105 M547 2015</subfield>
      <subfield code="w">LC</subfield>
      <subfield code="c">1</subfield>
      <subfield code="i">38288001110102</subfield>
      <subfield code="d">1/23/2017</subfield>
      <subfield code="e">10/29/2016</subfield>
      <subfield code="f">4/10/2015</subfield>
      <subfield code="g">1</subfield>
      <subfield code="l">ON_SHELF</subfield>
      <subfield code="m">LAKELND_VR</subfield>
      <subfield code="n">3</subfield>
      <subfield code="p">$150.00</subfield>
      <subfield code="r">Y</subfield>
      <subfield code="s">Y</subfield>
      <subfield code="t">LOCAL_LOAN</subfield>
      <subfield code="u">3/6/2015</subfield>
   </datafield>
</record>
